@article{Shufang2012,
author = {Shufang Lu, and A. Jaffer, and Xiaogang Jin, and Hanli Zhao, and Xiaoyang Mao, },
title = {Mathematical Marbling},
journal = {IEEE Computer Graphics and Applications},
volume = {32},
number = {6},
issn = {0272-1716},
year = {2012},
pages = {26-35},
doi = {doi.ieeecomputersociety.org/10.1109/MCG.2011.51},
publisher = {IEEE Computer Society},
address = {Los Alamitos, CA, USA},
}